@book{bk:BenderOrszag,
  title={Advanced Mathematical Methods for Scientists and Engineers I: Asymptotic Methods and Perturbation Theory},
  author={Bender, C.M. and Orszag, S.A.},
  isbn={9780387989310},
  lccn={99044783},
  series={Advanced Mathematical Methods for Scientists and Engineers},
  year={1999},
  publisher={Springer}
}

@book{bk:Schwartz_Distributions,
  title={Mathematics for the Physical Sciences},
  author={Schwartz, Laurent},
  isbn={9780486466620},
  lccn={2007046748},
  series={Dover Books on Mathematics},
  url={https://books.google.co.uk/books?id=-\_AuDQAAQBAJ},
  year={2008},
  publisher={Dover Publications}
}

@article{ar:Dopazo1977,
    author = {{Dopazo}, C.},
    title = {On conditioned averages for intermittent turbulent flows},
    journal = {Journal of Fluid Mechanics},
    year = {1977},
    month = {7},
    volume = {81},
    pages = {433-438},
    doi = {10.1017/S0022112077002158}
}

@article{ar:ShipleyEtAl2021_inPrep,
    author  = {Shipley, Daniel and Weller, Hilary and Clark, Peter A. and McIntyre, William},
    title   = {Multi Fluid Equations for Modelling Turbulent Convection},
    journal = {Quarterly Journal of the Royal Meteorological Society},
    year    = {2021},
    note    = {in prep.}
}

@article{ar:TanEtAl2018,
    author = {Tan, Zhihong and Kaul, Colleen M. and Pressel, Kyle G. and Cohen, Yair and Schneider, Tapio and Teixeira, Jo{\~a}o},
    title = {An Extended Eddy‐Diffusivity Mass‐Flux Scheme for Unified Representation of Subgrid‐Scale Turbulence and Convection},
    journal = {Journal of Advances in Modeling Earth Systems},
    volume = {10},
    number = {3},
    pages = {770-800},
    year = {2018},
    doi = {10.1002/2017MS001162}
}

@article{ar:ThuburnEtAl2018,
    author = {John Thuburn and Hilary Weller and Geoffrey K. Vallis and Robert J. Beare and Michael Whitall},
    title = {A Framework for Convection and Boundary Layer Parameterization Derived from Conditional Filtering},
    journal = {Journal of the Atmospheric Sciences},
    volume = {75},
    number = {3},
    pages = {965-981},
    year = {2018},
    doi = {10.1175/JAS-D-17-0130.1}
}

@article{ar:Yano2014,
    author = {Yano, Jun-Ichi},
    doi = {10.1016/j.dynatmoce.2014.04.002},
    issn = {03770265},
    journal = {Dynamics of Atmospheres and Oceans},
    pages = {1--28},
    publisher = {Elsevier B.V.},
    title = {{Formulation structure of the mass-flux convection parameterization}},
    volume = {67},
    year = {2014}
}