@book{ambaum2010,
  title={Thermal Physics of the Atmosphere},
  author={Ambaum, M.H.P.},
  isbn={9780470710371},
  lccn={2010005172},
  series={Advancing Weather and Climate Science},
  year={2010},
  publisher={Wiley}
}

@article{anmala2011,
  title={Fourier stability analysis of two-dimensional finite element schemes for shallow water equations},
  author={Anmala, Jagadeesh and Mohtar, Rabi H},
  journal={International Journal of Computational Fluid Dynamics},
  volume={25},
  number={2},
  pages={75--94},
  year={2011},
  publisher={Taylor \& Francis}
}

@article{arakawa1974,
  title={Interaction of a cumulus cloud ensemble with the large-scale environment, Part I},
  author={Arakawa, Akio and Schubert, Wayne Howard},
  journal={Journal of the Atmospheric Sciences},
  volume={31},
  number={3},
  pages={674--701},
  year={1974}
}

@article{arakawa2004,
  title={The cumulus parameterization problem: Past, present, and future},
  author={Arakawa, Akio},
  journal={Journal of Climate},
  volume={17},
  number={13},
  pages={2493--2525},
  year={2004}
}

@article{arakawa2011,
  title={Toward unification of the multiscale modeling of the atmosphere},
  author={Arakawa, A and Jung, J-H and Wu, C-M},
  journal={Atmospheric Chemistry and Physics},
  volume={11},
  number={8},
  pages={3731--3742},
  year={2011},
  publisher={Copernicus GmbH}
}

@article{arakawa2013,
  title={A unified representation of deep moist convection in numerical modeling of the atmosphere. Part I},
  author={Arakawa, Akio and Wu, Chien-Ming},
  journal={Journal of the Atmospheric Sciences},
  volume={70},
  number={7},
  pages={1977--1992},
  year={2013}
}

@article{baer1986,
  title={A two-phase mixture theory for the deflagration-to-detonation transition (DDT) in reactive granular materials},
  author={Baer, MR and Nunziato, JW},
  journal={International journal of multiphase flow},
  volume={12},
  number={6},
  pages={861--889},
  year={1986},
  publisher={Elsevier}
}

@article{baker1979,
  title={The “cloud in cell” technique applied to the roll up of vortex sheets},
  author={Baker, Gregory R},
  journal={Journal of Computational Physics},
  volume={31},
  number={1},
  pages={76--95},
  year={1979},
  publisher={Elsevier}
}

@article{bauer1960,
  title={Norms and exclusion theorems},
  author={Bauer, Friedrich L and Fike, Charles T},
  journal={Numerische Mathematik},
  volume={2},
  number={1},
  pages={137--141},
  year={1960},
  publisher={Springer}
}

@article{bechtold2001,
  title={A mass-flux convection scheme for regional and global models},
  author={Bechtold, P and Bazile, E and Guichard, F and Mascart, P and Richard, E},
  journal={Quarterly Journal of the Royal Meteorological Society},
  volume={127},
  number={573},
  pages={869--886},
  year={2001},
  publisher={Wiley Online Library}
}

@article{bechtold2014,
  title={Representing equilibrium and nonequilibrium convection in large-scale models},
  author={Bechtold, Peter and Semane, Noureddine and Lopez, Philippe and Chaboureau, Jean-Pierre and Beljaars, Anton and Bormann, Niels},
  journal={Journal of the Atmospheric Sciences},
  volume={71},
  number={2},
  pages={734--753},
  year={2014}
}

@article{betts1986,
  title={A new convective adjustment scheme. Part I: Observational and theoretical basis},
  author={Betts, Alan K},
  journal={Quarterly Journal of the Royal Meteorological Society},
  volume={112},
  number={473},
  pages={677--691},
  year={1986},
  publisher={Wiley Online Library}
}

@article{bettsmiller1986,
  title={A new convective adjustment scheme. Part II: Single column tests using GATE wave, BOMEX, ATEX and arctic air-mass data sets},
  author={Betts, AK and Miller, MJ},
  journal={Quarterly Journal of the Royal Meteorological Society},
  volume={112},
  number={473},
  pages={693--709},
  year={1986},
  publisher={Wiley Online Library}
}

@incollection{betts1993,
  title={The Betts-Miller scheme},
  author={Betts, Alan K and Miller, Martin J},
  booktitle={The representation of cumulus convection in numerical models},
  pages={107--121},
  year={1993},
  publisher={Springer}
}

@article{boffetta2007,
  title={Energy and enstrophy fluxes in the double cascade of two-dimensional turbulence},
  author={Boffetta, Guido},
  journal={Journal of Fluid Mechanics},
  volume={589},
  pages={253--260},
  year={2007},
  publisher={Cambridge University Press}
}

@article{bolton2019,
  title={Applications of deep learning to ocean data inference and subgrid parameterization},
  author={Bolton, Thomas and Zanna, Laure},
  journal={Journal of Advances in Modeling Earth Systems},
  volume={11},
  number={1},
  pages={376--399},
  year={2019},
  publisher={Wiley Online Library}
}

@article{boutle2016,
  title={The London Model: forecasting fog at 333 m resolution},
  author={Boutle, IA and Finnenkoetter, A and Lock, AP and Wells, H},
  journal={Quarterly Journal of the Royal Meteorological Society},
  volume={142},
  number={694},
  pages={360--371},
  year={2016},
  publisher={Wiley Online Library}
}

@article{broomans2003,
  title={Numerical accuracy in solutions of the shallow water equations},
  author={Broomans, Peterjan},
  journal={Master of science dissertation, Technical University of Delft},
  year={2003}
}

@article{bryan2002,
author = { George H.  Bryan  and  J. Michael  Fritsch },
title = {A Benchmark Simulation for Moist Nonhydrostatic Numerical Models},
journal = {Monthly Weather Review},
volume = {130},
number = {12},
pages = {2917-2928},
year = {2002},
doi = {10.1175/1520-0493(2002)130<2917:ABSFMN>2.0.CO;2}
}

@book{chandrasekhar1961,
  title={Hydrodynamic and hydromagnetic stability},
  author={Chandrasekhar, S.},
  year={1961},
  publisher={Oxford University Press}
}

@article{charney1964,
  title={On the growth of the hurricane depression},
  author={Charney, Jule G and Eliassen, Arnt},
  journal={Journal of the Atmospheric Sciences},
  volume={21},
  number={1},
  pages={68--75},
  year={1964}
}

@article{craig2015,
  title={Entrainment in cumulus clouds: What resolution is cloud-resolving?},
  author={Craig, George C and D{\"o}rnbrack, Andreas},
  journal={Journal of the Atmospheric Sciences},
  volume={72},
  number={9},
  year={2015}
}

@article{couvreux2010,
  title={Resolved versus parametrized boundary-layer plumes. Part I: A parametrization-oriented conditional sampling in large-eddy simulations},
  author={Couvreux, F and Hourdin, F and Rio, C},
  journal={Boundary-layer meteorology},
  volume={134},
  number={3},
  pages={441--458},
  year={2010},
  publisher={Springer}
}

@article{dacre2010,
  title={Evaluating the ability of a numerical weather prediction model to forecast tracer concentrations during ETEX 2},
  author={Dacre, HF},
  journal={Atmospheric Environment},
  volume={44},
  number={3},
  pages={294--303},
  year={2010},
  publisher={Elsevier}
}

@article{davies2005,
  title={A new dynamical core for the Met Office's global and regional modelling of the atmosphere},
  author={Davies, T and Cullen, MJP and Malcolm, AJ and Mawson, MH and Staniforth, A and White, AA and Wood, N},
  journal={Quarterly Journal of the Royal Meteorological Society},
  volume={131},
  number={608},
  pages={1759--1782},
  year={2005},
  publisher={Wiley Online Library}
}

@article{deardorff1966,
  title={The counter-gradient heat flux in the lower atmosphere and in the laboratory},
  author={Deardorff, JW},
  journal={Journal of the Atmospheric Sciences},
  volume={23},
  number={5},
  pages={503--506},
  year={1966}
}

@article{derooy2013,
  title={Entrainment and detrainment in cumulus convection: An overview},
  author={De Rooy, Wim C and Bechtold, Peter and Fr{\"o}hlich, Kristina and Hohenegger, Cathy and Jonker, Harm and Mironov, Dmitrii and Siebesma, A Pier and Teixeira, Joao and Yano, Jun-Ichi},
  journal={Quarterly Journal of the Royal Meteorological Society},
  volume={139},
  number={670},
  pages={1--19},
  year={2013},
  publisher={Wiley Online Library}
}

@article{diamantakis2006,
  title={An improved implicit predictor--corrector scheme for boundary layer vertical diffusion},
  author={Diamantakis, Michail and Wood, Nigel and Davies, Terry},
  journal={Quarterly Journal of the Royal Meteorological Society},
  volume={132},
  number={616},
  pages={959--978},
  year={2006},
  publisher={Wiley Online Library}
}

@article{donner2016,
  title={Are atmospheric updrafts a key to unlocking climate forcing and sensitivity?},
  author={Donner, Leo J and O'Brien, Travis A and Rieger, Daniel and Vogel, Bernhard and Cooke, William F},
  journal={Atmospheric Chemistry and Physics},
  volume={16},
  number={20},
  pages={12983--12992},
  year={2016}
}

@article{dopazo1977,
  author = { C. Dopazo },
  title = {On conditioned averages for intermittent turbulent flows},
  journal = {Journal of Fluid Mechanics},
  volume = {81},
  number = {3},
  pages = {433-438},
  year = {1977},
  doi = {10.1017/S0022112077002158}
}

@article{efstathiou2019,
  title={Diagnosing Coherent Structures in the Convective Boundary Layer by Optimizing Their Vertical Turbulent Scalar Transfer},
  author={Efstathiou, Georgios A and Thuburn, John and Beare, Robert J},
  journal={Boundary-Layer Meteorology},
  pages={1--26},
  year={2019},
  publisher={Springer}
}

@book{emanuel1994,
  title={Atmospheric convection},
  author={Emanuel, Kerry A},
  year={1994},
  publisher={Oxford University Press on Demand}
}

@article{embid1992,
  title={Simplified asymptotic equations for the transition to detonation in reactive granular materials},
  author={Embid, Pedro and Hunter, John and Majda, Andrew},
  journal={SIAM Journal on Applied Mathematics},
  volume={52},
  number={5},
  pages={1199--1237},
  year={1992},
  publisher={SIAM}
}

@article{fitch2019,
  title={An Improved Double-Gaussian Closure for the Subgrid Vertical Velocity Probability Distribution Function},
  author={Fitch, Anna C},
  journal={Journal of the Atmospheric Sciences},
  volume={76},
  number={1},
  pages={285--304},
  year={2019}
}

@article{gentine2018,
  title={Could machine learning break the convection parameterization deadlock?},
  author={Gentine, Pierre and Pritchard, Mike and Rasp, Stephan and Reinaudi, Gael and Yacalis, Galen},
  journal={Geophysical Research Letters},
  volume={45},
  number={11},
  pages={5742--5751},
  year={2018},
  publisher={Wiley Online Library}
}

@article{gerard2005,
  title={Evolution of a subgrid deep convection parametrization in a limited-area model with increasing resolution},
  author={Gerard, L and Geleyn, J-F},
  journal={Quarterly Journal of the Royal Meteorological Society},
  volume={131},
  number={610},
  pages={2293--2312},
  year={2005},
  publisher={Wiley Online Library}
}

@article{gerard2009,
  title={Cloud and precipitation parameterization in a meso-gamma-scale operational weather prediction model},
  author={Gerard, Luc and Piriou, Jean-Marcel and Bro{\v{z}}kov{\'a}, Radmila and Geleyn, Jean-Fran{\c{c}}ois and Banciu, Doina},
  journal={Monthly Weather Review},
  volume={137},
  number={11},
  pages={3960--3977},
  year={2009}
}

@article{godunov1959,
  title={A difference method for numerical calculation of discontinuous solutions of the equations of hydrodynamics},
  author={Godunov, Sergei Konstantinovich},
  journal={Matematicheskii Sbornik},
  volume={89},
  number={3},
  pages={271--306},
  year={1959},
  publisher={Russian Academy of Sciences, Steklov Mathematical Institute of Russian Academy of Sciences}
}

@article{grabowski1990,
  title={Monotone finite-difference approximations to the advection-condensation problem},
  author={Grabowski, Wojciech W and Smolarkiewicz, Piotr K},
  journal={Monthly Weather Review},
  volume={118},
  number={10},
  pages={2082--2098},
  year={1990}
}

@article{gregory1990,
  title={A mass flux convection scheme with representation of cloud ensemble characteristics and stability-dependent closure},
  author={Gregory, D and Rowntree, PR},
  journal={Monthly Weather Review},
  volume={118},
  number={7},
  pages={1483--1506},
  year={1990}
}

@article{grell2002,
  title={A generalized approach to parameterizing convection combining ensemble and data assimilation techniques},
  author={Grell, Georg A and D{\'e}v{\'e}nyi, Dezs{\H{o}}},
  journal={Geophysical Research Letters},
  volume={29},
  number={14},
  pages={38--1},
  year={2002},
  publisher={Wiley Online Library}
}

@article{grell2014,
  title={A scale and aerosol aware stochastic convective parameterization for weather and air quality modeling},
  author={Grell, Georg A and Freitas, Saulo R and others},
  journal={Atmos. Chem. Phys},
  volume={14},
  number={10},
  pages={5233--5250},
  year={2014}
}

@book{griffiths2010,
  title={Numerical Methods for Ordinary Differential Equations},
  author={Griffiths, D and Higham, D. J.},
  isbn={9780857291479},
  series={Springer Undergraduate Mathematics Series},
  year={2010},
  publisher={Springer-Verlag London}
}

@article{gross2016,
  title={Recent progress and review of Physics Dynamics Coupling in geophysical models},
  author={Gross, Markus and Wan, Hui and Rasch, Philip J and Caldwell, Peter M and Williamson, David L and Klocke, Daniel and Jablonowski, Christiane and Thatcher, Diana R and Wood, Nigel and Cullen, Mike and others},
  journal={arXiv preprint arXiv:1605.06480},
  year={2016}
}

@article{guelfi2007,
  title={NEPTUNE: a new software platform for advanced nuclear thermal hydraulics},
  author={Guelfi, Antoine and Bestion, Dominique and Boucker, Marc and Boudier, Pascal and Fillion, Philippe and Grandotto, Marc and H{\'e}rard, Jean-Marc and Hervieu, Eric and P{\'e}turaud, Pierre},
  journal={Nuclear Science and Engineering},
  volume={156},
  number={3},
  pages={281--324},
  year={2007},
  publisher={Taylor \& Francis}
}

@article{guo2015,
  title={CLUBB as a unified cloud parameterization: Opportunities and challenges},
  author={Guo, H and Golaz, J-C and Donner, LJ and Wyman, B and Zhao, M and Ginoux, P},
  journal={Geophysical Research Letters},
  volume={42},
  number={11},
  pages={4540--4547},
  year={2015},
  publisher={Wiley Online Library}
}

@article{han2011,
  title={Revision of convection and vertical diffusion schemes in the NCEP Global Forecast System},
  author={Han, Jongil and Pan, Hua-Lu},
  journal={Weather and Forecasting},
  volume={26},
  number={4},
  pages={520--533},
  year={2011}
}

@article{hanley2019,
  title={Modifications to the representation of subgrid mixing in kilometre-scale versions of the Unified Model},
  author={Hanley, Kirsty and Whitall, Michael and Stirling, Alison and Clark, Peter},
  journal={Quarterly Journal of the Royal Meteorological Society},
  year={2019},
  publisher={Wiley Online Library}
}

@article{held2007,
  title={Dynamic radiative--convective equilibria using GCM column physics},
  author={Held, Isaac M and Zhao, Ming and Wyman, Bruce},
  journal={Journal of the atmospheric sciences},
  volume={64},
  number={1},
  pages={228--238},
  year={2007}
}

@book{helmholtz1868,
  title={{\"u}ber discontinuirliche Fl{\"u}ssigkeits-Bewegungen},
  author={von Helmholtz, Hermann},
  year={1868},
  publisher={Akademie der Wissenschaften zu Berlin}
}

@article{holland1973,
  title={Measurements of the atmospheric mass, energy, and momentum budgets over a 500-kilometer square of tropical ocean},
  author={Holland, JOSHUA Z and Rasmusson, EUGENE M},
  journal={Mon. Wea. Rev},
  volume={101},
  number={1},
  pages={44--57},
  year={1973}
}

@article{holloway2014,
  title={Understanding and representing atmospheric convection across scales: Recommendations from the meeting held at Dartington Hall, Devon, UK, 28--30 January 2013},
  author={Holloway, Christopher E and Petch, Jon C and Beare, Robert J and Bechtold, Peter and Craig, George C and Derbyshire, Stephen H and Donner, Leo J and Field, Paul R and Gray, Suzanne L and Marsham, John H and others},
  journal={Atmospheric Science Letters},
  volume={15},
  number={4},
  pages={348--353},
  year={2014},
  publisher={Wiley Online Library}
}

@article{houghton1951,
  title={A theory of entrainment in convective currents},
  author={Houghton, Henry G and Cramer, Harrison E},
  journal={Journal of Meteorology},
  volume={8},
  number={2},
  pages={95--102},
  year={1951}
}

@article{jahn2014,
  title={ASAM v2. 7: a compressible atmospheric model with a Cartesian cut cell approach},
  author={J{\"a}hn, M and Knoth, O and K{\"o}nig, M and Vogelsberg, U},
  journal={Geoscientific Model Development Discussions},
  volume={7},
  number={4},
  pages={4463--4525},
  year={2014},
  publisher={Copernicus GmbH}
}

@article{janjic1984,
  title={Nonlinear advection schemes and energy cascade on semi-staggered grids},
  author={Janji{\'c}, Zavisa I},
  journal={Monthly Weather Review},
  volume={112},
  number={6},
  pages={1234--1245},
  year={1984}
}

@article{kain1990,
  title={A one-dimensional entraining/detraining plume model and its application in convective parameterization},
  author={Kain, John S and Fritsch, J Michael},
  journal={Journal of the Atmospheric Sciences},
  volume={47},
  number={23},
  pages={2784--2802},
  year={1990}
}

@article{kain1992,
  title={The role of the convective “trigger function” in numerical forecasts of mesoscale convective systems},
  author={Kain, JS and Fritsch, JM},
  journal={Meteorology and Atmospheric Physics},
  volume={49},
  number={1-4},
  pages={93--106},
  year={1992},
  publisher={Springer}
}

@article{kelbaliyev2011,
  title={Drag coefficients of variously shaped solid particles, drops, and bubbles},
  author={Kelbaliyev, GI},
  journal={Theoretical Foundations of Chemical Engineering},
  volume={45},
  number={3},
  pages={248--266},
  year={2011},
  publisher={Springer}
}

@article{kelvin1871,
  author = {William Thomson},
  title = {Hydrokinetic solutions and observations},
  journal = {The London, Edinburgh, and Dublin Philosophical Magazine and Journal of Science},
  volume = {42},
  number = {281},
  pages = {362-377},
  year  = {1871},
  publisher = {Taylor & Francis}
}

@article{khairoutdinov2001,
  title={A cloud resolving model as a cloud parameterization in the NCAR Community Climate System Model: Preliminary results},
  author={Khairoutdinov, Marat F and Randall, David A},
  journal={Geophysical Research Letters},
  volume={28},
  number={18},
  pages={3617--3620},
  year={2001},
  publisher={Wiley Online Library}
}

@article{khairoutdinov2005,
  title={Simulations of the atmospheric general circulation using a cloud-resolving model as a superparameterization of physical processes},
  author={Khairoutdinov, Marat and Randall, David and DeMott, Charlotte},
  journal={Journal of the Atmospheric Sciences},
  volume={62},
  number={7},
  pages={2136--2154},
  year={2005}
}

@article{khouider2010,
  title={A stochastic multicloud model for tropical convection},
  author={Khouider, Boualem and Biello, Joseph and Majda, Andrew J and others},
  journal={Communications in Mathematical Sciences},
  volume={8},
  number={1},
  pages={187--216},
  year={2010},
  publisher={International Press of Boston}
}

@article{klaassen1985,
  title={Dynamics of the cloud-environment interface and entrainment in small cumuli: Two-dimensional simulations in the absence of ambient shear},
  author={Klaassen, Gary P and Clark, Terry L},
  journal={Journal of the atmospheric sciences},
  volume={42},
  number={23},
  pages={2621--2642},
  year={1985}
}

@article{knight2007,
  title={Association of parameter, software, and hardware variation with large-scale behavior across 57,000 climate models},
  author={Knight, Christopher G and Knight, Sylvia HE and Massey, Neil and Aina, Tolu and Christensen, Carl and Frame, Dave J and Kettleborough, Jamie A and Martin, Andrew and Pascoe, Stephen and Sanderson, Ben and others},
  journal={Proceedings of the National Academy of Sciences},
  volume={104},
  number={30},
  pages={12259--12264},
  year={2007},
  publisher={National Acad Sciences}
}

@article{kuell2008,
  title={A hybrid convection scheme for use in non-hydrostatic numerical weather prediction models},
  author={Kuell, Volker and Bott, Andreas},
  journal={Meteorologische Zeitschrift},
  volume={17},
  number={6},
  pages={775--783},
  year={2008},
  publisher={E. Schweizerbart'sche Verlagsbuchhandlung}
}

@article{kwon2017,
  title={A mass-flux cumulus parameterization scheme across gray-zone resolutions},
  author={Kwon, Young Cheol and Hong, Song-You},
  journal={Monthly Weather Review},
  volume={145},
  number={2},
  pages={583--598},
  year={2017}
}

@article{lancz2018,
  title={Modification of a Parametrization of Shallow Convection in the Grey Zone Using a Mesoscale Model},
  author={Lancz, D{\'a}vid and Szintai, Bal{\'a}zs and Honnert, Rachel},
  journal={Boundary-layer meteorology},
  volume={169},
  number={3},
  pages={483--503},
  year={2018},
  publisher={Springer}
}

@misc{landahl1989,
  title={Turbulence and random processes in fluid mechanics},
  author={Landahl, M{\aa}rten T and Mollo-Christensen, Eric and Korman, Murray S},
  year={1989},
  publisher={Acoustical Society of America}
}

@article{lappen2001,
  title={Toward a unified parameterization of the boundary layer and moist convection. Part I: A new type of mass-flux model},
  author={Lappen, Cara-Lyn and Randall, David A},
  journal={Journal of the atmospheric sciences},
  volume={58},
  number={15},
  pages={2021--2036},
  year={2001}
}

@article{lauritzen2012,
  title={Evaluating advection/transport schemes using interrelated tracers, scatter plots and numerical mixing diagnostics},
  author={Lauritzen, Peter Hjort and Thuburn, John},
  journal={Quarterly Journal of the Royal Meteorological Society},
  volume={138},
  number={665},
  pages={906--918},
  year={2012},
  publisher={Wiley Online Library}
}

@article{lauritzen2015,
  title={The terminator" toy" chemistry test: a simple tool to assess errors in transport schemes},
  author={Lauritzen, PH and Conley, AJ and Lamarque, J-F and Vitt, F and Taylor, MA},
  journal={Geoscientific Model Development},
  volume={8},
  number={5},
  pages={1299--1313},
  year={2015},
  publisher={Copernicus GmbH}
}

@article{lax1956,
  title={Survey of the stability of linear finite difference equations},
  author={Lax, Peter D and Richtmyer, Robert D},
  journal={Communications on pure and applied mathematics},
  volume={9},
  number={2},
  pages={267--293},
  year={1956},
  publisher={Wiley Online Library}
}

@article{lean2008,
  author = { Humphrey W.  Lean  and  Peter A.  Clark  and  Mark  Dixon  and  Nigel M.  Roberts  and  Anna  Fitch  and  Richard  Forbes  and  Carol  Halliwell },
  title = {Characteristics of High-Resolution Versions of the Met Office Unified Model for Forecasting Convection over the United Kingdom},
  journal = {Monthly Weather Review},
  volume = {136},
  number = {9},
  pages = {3408-3424},
  year = {2008},
  doi = {10.1175/2008MWR2332.1},
}

@incollection{leonard1975,
  title={Energy cascade in large-eddy simulations of turbulent fluid flows},
  author={Leonard, A},
  booktitle={Advances in geophysics},
  volume={18},
  pages={237--248},
  year={1975},
  publisher={Elsevier}
}

@article{leonard1996,
  title={Conservative explicit unrestricted-time-step multidimensional constancy-preserving advection schemes},
  author={Leonard, BP and Lock, AP and MacVean, MK},
  journal={Monthly Weather Review},
  volume={124},
  number={11},
  pages={2588--2606},
  year={1996}
}

@article{li2012,
  title={“Super-parameterization”: A better way to simulate regional extreme precipitation?},
  author={Li, Fuyu and Rosa, Daniele and Collins, William D and Wehner, Michael F},
  journal={Journal of Advances in Modeling Earth Systems},
  volume={4},
  number={2},
  year={2012},
  publisher={Wiley Online Library}
}

@article{lin1994,
  title={A class of the van Leer-type transport schemes and its application to the moisture transport in a general circulation model},
  author={Lin, Shian-Jiann and Chao, Winston C and Sud, YC and Walker, GK},
  journal={Monthly Weather Review},
  volume={122},
  number={7},
  pages={1575--1593},
  year={1994}
}

@article{lohmann1999,
  title={Prediction of the number of cloud droplets in the ECHAM GCM},
  author={Lohmann, Ulrike and Feichter, Johann and Chuang, Catherine C and Penner, Joyce E},
  journal={Journal of Geophysical Research: Atmospheres},
  volume={104},
  number={D8},
  pages={9169--9198},
  year={1999},
  publisher={Wiley Online Library}
}

@article{maher2018,
  title={The Impact of Parameterized Convection on Climatological Precipitation in Atmospheric Global Climate Models},
  author={Maher, Penelope and Vallis, Geoffrey K and Sherwood, Steven C and Webb, Mark J and Sansom, Philip G},
  journal={Geophysical Research Letters},
  volume={45},
  number={8},
  pages={3728--3736},
  year={2018},
  publisher={Wiley Online Library}
}

@article{manabe1964,
  title={Thermal equilibrium of the atmosphere with a convective adjustment},
  author={Manabe, Syukuro and Strickler, Robert F},
  journal={Journal of the Atmospheric Sciences},
  volume={21},
  number={4},
  pages={361--385},
  year={1964}
}

@article{malardel2019,
  title={The coupling of deep convection with the resolved flow via the divergence of mass flux in the IFS},
  author={Malardel, Sylvie and Bechtold, Peter},
  journal={Quarterly Journal of the Royal Meteorological Society},
  year={2019},
  publisher={Wiley Online Library}
}

@article{matheou2011,
  title={On the fidelity of large-eddy simulation of shallow precipitating cumulus convection},
  author={Matheou, Georgios and Chung, Daniel and Nuijens, Louise and Stevens, Bjorn and Teixeira, Joao},
  journal={Monthly Weather Review},
  volume={139},
  number={9},
  pages={2918--2939},
  year={2011}
}

@article{mcintyre2019,
  title={Numerical methods for entrainment and detrainment in the multi-fluid Euler equations for convection},
  author={McIntyre, William A and Weller, Hilary and Holloway, Christopher E},
  journal={Quarterly Journal of the Royal Meteorological Society},
  volume={146},
  number={728},
  pages={1106--1120},
  year={2020},
  publisher={Wiley Online Library}
}

@phdthesis{mcintyre2020,
  title={Multi-fluid modelling of dry convection},
  author={McIntyre, William},
  year={2020},
  school={University of Reading}
}

@article{mctaggart2019,
  title={Modernization of Atmospheric Physics Parameterization in Canadian NWP},
  author={McTaggart-Cowan, R and Vaillancourt, PA and Zadra, A and Chamberland, S and Charron, M and Corvec, S and Milbrandt, JA and Paquin-Ricard, D and Patoine, A and Roch, M and others},
  journal={Journal of Advances in Modeling Earth Systems},
  year={2019},
  publisher={Wiley Online Library}
}

@inproceedings{mechitoua2003,
  title={An unstructured finite volume solver for two-phase water-vapour flows based on an elliptic oriented fractional step method},
  author={M{\'e}chitoua, N and Boucker, M and Lavi{\'e}ville, J and H{\'e}rard, J and Pigny, S and Serre, G},
  booktitle={Proc. of The 10th International Topical Meeting on Nuclear Reactor Thermal-Hydraulics (NURETH-10), Seoul, Korea},
  year={2003}
}

@article{mellado2018,
  title={DNS and LES for simulating stratocumulus: better together},
  author={Mellado, Juan-Pedro and Bretherton, CS and Stevens, Bjorn and Wyant, MC},
  journal={Journal of Advances in Modeling Earth Systems},
  volume={10},
  number={7},
  pages={1421--1438},
  year={2018},
  publisher={Wiley Online Library}
}

@article{mellor1977,
  title={The Gaussian cloud model relations},
  author={Mellor, George L},
  journal={Journal of the Atmospheric Sciences},
  volume={34},
  number={2},
  pages={356--358},
  year={1977}
}

@article{milbrandt2016,
  title={The pan-Canadian high resolution (2.5 km) deterministic prediction system},
  author={Milbrandt, Jason A and B{\'e}lair, St{\'e}phane and Faucher, Manon and Vall{\'e}e, Marcel and Carrera, Marco L and Glazer, Anna},
  journal={Weather and Forecasting},
  volume={31},
  number={6},
  pages={1791--1816},
  year={2016}
}

@article{neggers2002,
  title={A multiparcel model for shallow cumulus convection},
  author={Neggers, RAJ and Siebesma, AP and Jonker, HJJ},
  journal={Journal of the atmospheric sciences},
  volume={59},
  number={10},
  pages={1655--1668},
  year={2002}
}

@article{ng1969,
  title={A table of integrals of the error functions},
  author={Ng, Edward W and Geller, Murray},
  journal={Journal of Research of the National Bureau of Standards B},
  volume={73},
  number={1},
  pages={1--20},
  year={1969}
}

@book{nielsen2015,
  title={Neural networks and deep learning},
  author={Nielsen, Michael A},
  volume={25},
  year={2015},
  publisher={Determination press San Francisco, CA, USA:}
}

@article{ogorman2018,
  title={Using machine learning to parameterize moist convection: Potential for modeling of climate, climate change, and extreme events},
  author={O'Gorman, Paul A and Dwyer, John G},
  journal={Journal of Advances in Modeling Earth Systems},
  volume={10},
  number={10},
  pages={2548--2563},
  year={2018},
  publisher={Wiley Online Library}
}

@article{petch2002,
  title={The impact of horizontal resolution on the simulations of convective development over land},
  author={Petch, JC and Brown, AR and Gray, MEB},
  journal={Quarterly Journal of the Royal Meteorological Society: A journal of the atmospheric sciences, applied meteorology and physical oceanography},
  volume={128},
  number={584},
  pages={2031--2044},
  year={2002},
  publisher={Wiley Online Library}
}

@article{pergaud2009,
  title={A parameterization of dry thermals and shallow cumuli for mesoscale numerical weather prediction},
  author={Pergaud, Julien and Masson, Val{\'e}ry and Malardel, Sylvie and Couvreux, Fleur},
  journal={Boundary-layer meteorology},
  volume={132},
  number={1},
  pages={83},
  year={2009},
  publisher={Springer}
}

@article{plant2008,
  title={A stochastic parameterization for deep convection based on equilibrium statistics},
  author={Plant, RS and Craig, George C},
  journal={Journal of the Atmospheric Sciences},
  volume={65},
  number={1},
  pages={87--105},
  year={2008}
}

@article{plant2010,
  title={A review of the theoretical basis for bulk mass flux convective parameterization},
  author={Plant, RS},
  journal={Atmospheric Chemistry and Physics},
  volume={10},
  number={8},
  pages={3529--3544},
  year={2010},
  publisher={Copernicus GmbH}
}

@article{rasp2018,
  title={Deep learning to represent subgrid processes in climate models},
  author={Rasp, Stephan and Pritchard, Michael S and Gentine, Pierre},
  journal={Proceedings of the National Academy of Sciences},
  volume={115},
  number={39},
  pages={9684--9689},
  year={2018},
  publisher={National Acad Sciences}
}

@article{rayleigh1882,
  author = {Rayleigh},
  title = {Investigation of the Character of the Equilibrium of an Incompressible Heavy Fluid of Variable Density},
  journal = {Proceedings of the London Mathematical Society},
  volume = {s1-14},
  number = {1},
  pages = {170-177},
  year = {1882}
}

@article{rebollo2003,
  title={A family of stable numerical solvers for the shallow water equations with source terms},
  author={Rebollo, Tom{\'a}s Chac{\'o}n and Delgado, Antonio Dom{\i}́nguez and Nieto, Enrique D Fern{\'a}ndez},
  journal={Computer methods in applied mechanics and engineering},
  volume={192},
  number={1-2},
  pages={203--225},
  year={2003},
  publisher={Elsevier}
}

@article{ringler2010,
  title={A unified approach to energy conservation and potential vorticity dynamics for arbitrarily-structured C-grids},
  author={Ringler, Todd D and Thuburn, John and Klemp, Joseph B and Skamarock, William C},
  journal={Journal of Computational Physics},
  volume={229},
  number={9},
  pages={3065--3090},
  year={2010},
  publisher={Elsevier}
}

@article{roghair2011,
  title={On the drag force of bubbles in bubble swarms at intermediate and high Reynolds numbers},
  author={Roghair, I and Lau, YM and Deen, NG and Slagter, HM and Baltussen, MW and Annaland, M Van Sint and Kuipers, JAM},
  journal={Chemical engineering science},
  volume={66},
  number={14},
  pages={3204--3211},
  year={2011},
  publisher={Elsevier}
}

@article{romps2015,
  title={Sticky thermals: Evidence for a dominant balance between buoyancy and drag in cloud updrafts},
  author={Romps, David M and Charn, Alexander B},
  journal={Journal of the Atmospheric Sciences},
  volume={72},
  number={8},
  pages={2890--2901},
  year={2015}
}

@article {rudy2017,
  author = {Rudy, Samuel H. and Brunton, Steven L. and Proctor, Joshua L. and Kutz, J. Nathan},
  title = {Data-driven discovery of partial differential equations},
  volume = {3},
  number = {4},
  year = {2017},
  journal = {Science Advances}
}

@article{rutledge1983,
author = { Steven A.  Rutledge  and  Peterv  Hobbs },
title = {The Mesoscale and Microscale Structure and Organization of Clouds and Precipitation in Midlatitude Cyclones. VIII: A Model for the “Seeder-Feeder” Process in Warm-Frontal Rainbands},
journal = {Journal of the Atmospheric Sciences},
volume = {40},
number = {5},
pages = {1185-1206},
year = {1983}
}

@article{satoh2019,
  title={Global Cloud-Resolving Models},
  author={Satoh, Masaki and Stevens, Bjorn and Judt, Falko and Khairoutdinov, Marat and Lin, Shian-Jiann and Putman, William M and D{\"u}ben, Peter},
  journal={Current Climate Change Reports},
  pages={1--13},
  year={2019},
  publisher={Springer}
}

@article{saurel1999,
  title={A multiphase Godunov method for compressible multifluid and multiphase flows},
  author={Saurel, Richard and Abgrall, R{\'e}mi},
  journal={Journal of Computational Physics},
  volume={150},
  number={2},
  pages={425--467},
  year={1999},
  publisher={Elsevier}
}

@article{schneider2017,
  title={Earth system modeling 2.0: A blueprint for models that learn from observations and targeted high-resolution simulations},
  author={Schneider, Tapio and Lan, Shiwei and Stuart, Andrew and Teixeira, Jo{\~a}o},
  journal={Geophysical Research Letters},
  volume={44},
  number={24},
  pages={12--396},
  year={2017},
  publisher={Wiley Online Library}
}

@book{schroeder2000,
  title={An introduction to thermal physics},
  author={Schroeder, Daniel V},
  isbn={9788131706763},
  year={2000},
  publisher={Pearson}
}

@techreport{sharp1983,
  title={Overview of Rayleigh-taylor instability},
  author={Sharp, David H},
  year={1983},
  institution={Los Alamos National Lab., NM (USA)}
}

@article{shaw2017,
  title={Multidimensional method-of-lines transport for atmospheric flows over steep terrain using arbitrary meshes},
  author={Shaw, James and Weller, Hilary and Methven, John and Davies, Terry},
  journal={Journal of Computational Physics},
  volume={344},
  pages={86--107},
  year={2017},
  publisher={Elsevier}
}

@book{shohat1943,
  title={The problem of moments},
  author={Shohat, James Alexander and Tamarkin, Jacob David},
  number={1},
  year={1943},
  publisher={American Mathematical Soc.}
}

@article{siebesma2007,
  title={A combined eddy-diffusivity mass-flux approach for the convective boundary layer},
  author={Siebesma, A Pier and Soares, Pedro MM and Teixeira, Jo{\~a}o},
  journal={Journal of the atmospheric sciences},
  volume={64},
  number={4},
  pages={1230--1248},
  year={2007}
}

@article{simpson1969,
  title={Models of precipitating cumulus towers},
  author={Simpson, Joanne and Wiggert, Victor},
  journal={Mon. Wea. Rev},
  volume={97},
  number={7},
  pages={471--489},
  year={1969}
}

@article{smith1990,
  title={A scheme for predicting layer clouds and their water content in a general circulation model},
  author={Smith, RNB},
  journal={Quarterly Journal of the Royal Meteorological Society},
  volume={116},
  number={492},
  pages={435--460},
  year={1990},
  publisher={Wiley Online Library}
}

@article{smolarkiewicz2006,
  title={Multidimensional positive definite advection transport algorithm: an overview},
  author={Smolarkiewicz, Piotr K},
  journal={International journal for numerical methods in fluids},
  volume={50},
  number={10},
  pages={1123--1144},
  year={2006},
  publisher={Wiley Online Library}
}

@article{soares2004,
  title={An eddy-diffusivity/mass-flux parametrization for dry and shallow cumulus convection},
  author={Soares, PMM and Miranda, PMA and Siebesma, AP and Teixeira, J},
  journal={Quarterly Journal of the Royal Meteorological Society: A journal of the atmospheric sciences, applied meteorology and physical oceanography},
  volume={130},
  number={604},
  pages={3365--3383},
  year={2004},
  publisher={Wiley Online Library}
}

@article{sommeria1977,
  title={Subgrid-scale condensation in models of nonprecipitating clouds},
  author={Sommeria, G and Deardorff, JW},
  journal={Journal of the Atmospheric Sciences},
  volume={34},
  number={2},
  pages={344--355},
  year={1977}
}

@article{staniforth2002simple,
  title={A simple comparison of four physics-dynamics coupling schemes},
  author={Staniforth, Andrew and Wood, Nigel and C{\^o}t{\'e}, Jean},
  journal={Monthly weather review},
  volume={130},
  number={12},
  pages={3129--3135},
  year={2002}
}

@article{staniforth2002analysis,
  title={Analysis of the numerics of physics--dynamics coupling},
  author={Staniforth, Andrew and Wood, Nigel and C{\^o}t{\'e}, Jean},
  journal={Quarterly Journal of the Royal Meteorological Society},
  volume={128},
  number={586},
  pages={2779--2799},
  year={2002},
  publisher={Wiley Online Library}
}

@article{stelling1983,
  title={On the construction of computational methods for shallow water flow problems},
  author={Stelling, Gustaaf Sjoerd},
  year={1983}
}

@article{stewart1984,
  title={Two-phase flow: models and methods},
  author={Stewart, H Bruce and Wendroff, Burton},
  journal={Journal of Computational Physics},
  volume={56},
  number={3},
  pages={363--409},
  year={1984},
  publisher={Elsevier}
}

@article{stirling2012,
  title={Entrainment processes in the diurnal cycle of deep convection over land},
  author={Stirling, AJ and Stratton, RA},
  journal={Quarterly Journal of the Royal Meteorological Society},
  volume={138},
  number={666},
  pages={1135--1149},
  year={2012},
  publisher={Wiley Online Library}
}

@article{stokes1994,
  title={The Atmospheric Radiation Measurement (ARM) Program: Programmatic background and design of the cloud and radiation test bed},
  author={Stokes, Gerald M and Schwartz, Stephen E},
  journal={Bulletin of the American Meteorological Society},
  volume={75},
  number={7},
  pages={1201--1222},
  year={1994},
  publisher={American Meteorological Society}
}

@article{strang1968,
  title={On the construction and comparison of difference schemes},
  author={Strang, Gilbert},
  journal={SIAM Journal on Numerical Analysis},
  volume={5},
  number={3},
  pages={506--517},
  year={1968},
  publisher={SIAM}
}

@book{stull1988,
  title={An Introduction to Boundary Layer Meteorology},
  author={Stull, Roland B},
  volume={13},
  year={1988},
  publisher={Springer Science \& Business Media}
}

@book{stull2012,
  title={An introduction to boundary layer meteorology},
  author={Stull, Roland B},
  volume={13},
  year={2012},
  publisher={Springer Science \& Business Media}
}

@article{swann2001,
  title={Evaluation of the mass-flux approach to parametrizing deep convection},
  author={Swann, Hugh},
  journal={Quarterly Journal of the Royal Meteorological Society},
  volume={127},
  number={574},
  pages={1239--1260},
  year={2001},
  publisher={Wiley Online Library}
}

@article{tan2018,
  title={An Extended Eddy-Diffusivity Mass-Flux Scheme for Unified Representation of Subgrid-Scale Turbulence and Convection},
  author={Tan, Zhihong and Kaul, Colleen M and Pressel, Kyle G and Cohen, Yair and Schneider, Tapio and Teixeira, Jo{\~a}o},
  journal={Journal of Advances in Modeling Earth Systems},
  year={2018},
  publisher={Wiley Online Library}
}

@article{taylor1950,
  title={The instability of liquid surfaces when accelerated in a direction perpendicular to their planes. I},
  author={Taylor, Geoffrey Ingram},
  journal={Proceedings of the Royal Society of London. Series A. Mathematical and Physical Sciences},
  volume={201},
  number={1065},
  pages={192--196},
  year={1950},
  publisher={The Royal Society London}
}

@article{tennekes1978,
  title={Turbulent flow in two and three dimensions},
  author={Tennekes, H},
  journal={Bulletin of the American Meteorological Society},
  volume={59},
  number={1},
  pages={22--28},
  year={1978},
  publisher={American Meteorological Society}
}

@book{thomas1995,
  title={Numerical Partial Differential Equations: Finite Difference Methods},
  author={Thomas, J.W.},
  isbn={9781441931054},
  series={Texts in Applied Mathematics},
  year={1995},
  publisher={Springer New York}
}

@article{thuburn2017,
  title={A framework for convection and boundary layer parameterization derived from conditional filtering},
  author={Thuburn, John and Weller, Hilary and Vallis, Geoffrey K and Beare, Robert J and Whitall, Michael},
  journal={Journal of the Atmospheric Sciences},
  volume={75},
  number={3},
  pages={965--981},
  year={2018}
}

@article{thuburn2018,
  title={Properties of conditionally filtered equations: Conservation, normal modes, and variational formulation},
  author={Thuburn, John and Vallis, Geoffrey K},
  journal={Quarterly Journal of the Royal Meteorological Society},
  volume={144},
  number={714},
  pages={1555--1571},
  year={2018},
  publisher={Wiley Online Library}
}

@article{thuburn2019,
  title={A two-fluid single-column model of the dry, shear-free, convective boundary layer},
  author={Thuburn, John and Efstathiou, Georgios A and Beare, Robert J},
  journal={Quarterly Journal of the Royal Meteorological Society},
  year={2019},
  publisher={Wiley Online Library}
}

@article{tiedtke1989,
  title={A comprehensive mass flux scheme for cumulus parameterization in large-scale models},
  author={Tiedtke, MICHAEL},
  journal={Monthly Weather Review},
  volume={117},
  number={8},
  pages={1779--1800},
  year={1989}
}

@article{tipping2001,
    title={Sparse Bayesian learning and the relevance vector machine},
    author={Tipping, Michael E},
    journal={Journal of machine learning research},
    volume={1},
    pages={211--244},
    year={2001}
}

@book{toro2012,
  title={Godunov methods: Theory and applications},
  author={Toro, Elewterio F},
  year={2012},
  publisher={Springer Science \& Business Media}
}

@article{vanLeer1974,
  title={Towards the ultimate conservative difference scheme. II. Monotonicity and conservation combined in a second-order scheme},
  author={Van Leer, Bram},
  journal={Journal of computational physics},
  volume={14},
  number={4},
  pages={361--370},
  year={1974},
  publisher={Elsevier}
}

@article{weller2012,
  title={Controlling the computational modes of the arbitrarily structured C grid},
  author={Weller, Hilary},
  journal={Monthly Weather Review},
  volume={140},
  number={10},
  pages={3220--3234},
  year={2012}
}

@article{weller2016,
  title={Convective Mass Transport and Convective Memory using a conditional averaging approach},
  author={Weller, H},
  year={2016}
}

@article{weller2018,
  title={Numerical solution of the conditionally averaged equations for representing net mass flux due to convection},
  author={Weller, Hilary and McIntyre, William A},
  journal={Quarterly Journal of the Royal Meteorological Society},
  volume={145},
  number={721},
  pages={1337--1353},
  year={2019},
  publisher={Wiley Online Library}
}

@article{weller2020,
  title={Multifluids for Representing Subgrid-Scale Convection},
  author={Weller, Hilary and McIntyre, William and Shipley, Daniel},
  journal={Journal of Advances in Modeling Earth Systems},
  volume={12},
  number={8},
  pages={e2019MS001966},
  year={2020},
  publisher={Wiley Online Library}
}

@misc{whitall2017,
  title = {Some thoughts on convective ``triggering'', ``closure'' and ``cloud model''},
  author={Whitall, MA and Stirling AJ and Hanley K},
  year={2017},
  howpublished = {http://www.ecmwf.int/sites/default/files/elibrary/2017/17786-new-stochastic-scale-aware-convection-scheme-met-office-unified-model.pdf},
  note = {Accessed: 17/02/2020}
}

@techreport{willett2017,
  title={A simple prognostic based convective entrainment rate for the Unified Model: Description and tests},
  author={Willett, MR and Whitall, MA},
  year={2017},
  institution={Forecasting Research Tech. Rep. 617, Met Office}
}

@article{wilson2008,
  title={PC2: A prognostic cloud fraction and condensation scheme. I: Scheme description},
  author={Wilson, Damian R and Bushell, Andrew C and Kerr-Munslow, Amanda M and Price, Jeremy D and Morcrette, Cyril J},
  journal={Quarterly Journal of the Royal Meteorological Society},
  volume={134},
  number={637},
  pages={2093--2107},
  year={2008},
  publisher={Wiley Online Library}
}

@article{wood2007,
  title={A monotonically-damping second-order-accurate unconditionally-stable numerical scheme for diffusion},
  author={Wood, Nigel and Diamantakis, Michail and Staniforth, Andrew},
  journal={Quarterly Journal of the Royal Meteorological Society},
  volume={133},
  number={627},
  pages={1559--1573},
  year={2007},
  publisher={Wiley Online Library}
}

@article{yanai1973,
  title={Determination of bulk properties of tropical cloud clusters from large-scale heat and moisture budgets},
  author={Yanai, Michio and Esbensen, Steven and Chu, Jan-Hwa},
  journal={Journal of the Atmospheric Sciences},
  volume={30},
  number={4},
  pages={611--627},
  year={1973}
}

@article{yano2004,
  title={Estimations of mass fluxes for cumulus parameterizations from high-resolution spatial data},
  author={Yano, Jun-Ichi and Guichard, Francoise and Lafore, Jean-Philippe and Redelsperger, Jean-Luc and Bechtold, Peter},
  journal={Journal of the atmospheric sciences},
  volume={61},
  number={7},
  pages={829--842},
  year={2004}
}

@article{yano2012,
  title={Convective quasi-equilibrium},
  author={Yano, J-I and Plant, RS},
  journal={Reviews of Geophysics},
  volume={50},
  number={4},
  year={2012},
  publisher={Wiley Online Library}
}

@article{yano2014,
  title={Formulation structure of the mass-flux convection parameterization},
  author={Yano, Jun-Ichi},
  journal={Dynamics of Atmospheres and Oceans},
  volume={67},
  pages={1--28},
  year={2014},
  publisher={Elsevier}
}

@article{yano2018,
  title={Scientific challenges of convective-scale numerical weather prediction},
  author={Yano, Jun-Ichi and Ziemia{\'n}ski, Micha{\l} Z and Cullen, Mike and Termonia, Piet and Onvlee, Jeanette and Bengtsson, Lisa and Carrassi, Alberto and Davy, Richard and Deluca, Anna and Gray, Suzanne L and others},
  journal={Bulletin of the American Meteorological Society},
  volume={99},
  number={4},
  pages={699--710},
  year={2018}
}

@article{youngs1989,
  title={Modelling turbulent mixing by Rayleigh-Taylor instability},
  author={Youngs, David L},
  journal={Physica D: Nonlinear Phenomena},
  volume={37},
  number={1-3},
  pages={270--287},
  year={1989},
  publisher={North-Holland}
}

@article{zanna2020,
  title = {Data-Driven Equation Discovery of Ocean Mesoscale Closures},
  author = {Zanna, Laure and Bolton, Thomas},
  journal = {Geophysical Research Letters},
  volume = {47},
  number = {17},
  year = {2020}
}

@article{zhang2018,
  title={Robust data-driven discovery of governing physical laws with error bars},
  author={Zhang, Sheng and Lin, Guang},
  journal={Proceedings of the Royal Society A: Mathematical, Physical and Engineering Sciences},
  volume={474},
  number={2217},
  year={2018},
  publisher={The Royal Society Publishing}
}

@article{zhou2001,
  title={The surface gradient method for the treatment of source terms in the shallow-water equations},
  author={Zhou, Jian G and Causon, Derek M and Mingham, Clive G and Ingram, David M},
  journal={Journal of Computational physics},
  volume={168},
  number={1},
  pages={1--25},
  year={2001},
  publisher={Elsevier}
}
