% REFERENCES

@String{joc = {J. Climate}}
@String{qjrms = {Quart. J. Roy. Meteor. Soc.}}
@String{grl = {Geophys. Res. Lett.}}
@String{cd = {Climate Dyn.}}
@String{jgr = {J. Geophys. Res.}}
@String{jgro = {J. Geophys. Res. - Oceans}}
@String{jgra = {J. Geophys. Res. - Atmos.}}
@String{mwr = {Mon. Wea. Rev.}}
@String{jas = {J. of Atmos Sci.}}
@String{jam = {J. Appl. Meteor.}}
@String{bams = {Bull. Amer. Meteor. Soc.}}
@String{jpo = {J. Phys. Oceanogr.}}
@String{aee = {Agriculture Ecosystems and Environment}}
@String{bwho = {Bull. World Health Org.}}
@String{tp = {Trends in Parasitology}}
@String{tel = {Tellus}}
@String{tela = {Tellus A}}
@String{wf = {Wea. Forecasting}}
@String{nat = {Nature}}
@String{jh  = {J. Hydrometeorology}}
@String{bams = {Bull. Amer. Meteor. Soc.}}
@String{asl = {Atmos. Sci. Lett.}}
@String{jmsj = {J. Meteor. Soc, Japan}}
@String{jcp = {J. Comput. Phys.}}
@String{ijnmf = {Int. J. Numer. Meth. Fluids}}
@String{ijnme = {Int. J. Numer. Meth. Engineering}}
@String{cmame = {Comput. Methods Appl. Mech. Eng.}}
@String{anum = {Acta Numerica}}
@String{anm = {Applied Numerical Mathematics}}
@String{asl = {Atmos. Sci. Lett.}}
@String{jfm = {J. Fluid Mechanics}}
@String{jsc = {J. Sci. Comp.}}
@String{SIAMjsc = {SIAM J. Sci. Comput.}}
@String{SIAMjam = {SIAM J. Appl. MAth.}}
@String{gmd = {Geosci. Model Dev.}}
@String{gmdd = {Geosci. Model Dev. Discuss.}}
@String{om = {Ocean Model.}}
@String{procRoySocA = {Proc. Roy. Soc. A}}
@String{jpa = {J. Phys. A}}
@String{cpc = {Comput. Phys. Commun.}}
@String{blm = {Bound.-Layer Meteor}}
@String{ijmpf = {Int. J. Multiphase Flow}}
@String{jmsj = {J. Meteor.-Soc. Japan}}

@article{helfand1988,
  author  = {H. M. Helfand and J. C. Labraga},
  title   = {Design of a nonsigular level 2.5 second-order closure model for the
             prediction of atmospheric turbulence},
  journal = jas,
  year    = {1988},
  volume  = {45},
  pages   = {113--132}}

@article{ito2015,
  author  = {J. Ito and H. Niino and M. Nakanishi and C.-H. Moeng},
  title   = {An extension of the {M}ellor-{Y}amada model to the {T}erra {I}ncognita
             zone for dry convective mixed layers in the free convection regime},
  journal = blm,
  year    = {2015},
  volume  = {157},
  pages   = {23--43}}

@techreport{janjic2001,
  author  = {C. I. Janji\'{c}},
  title   = {Nonsingular implementation of the {M}ellor-{Y}amada level 2.5 scheme in the
             {NCEP} {M}eso model},
  type    = {Office Note No. 437},
  year    = {2001},
  institution = {National Centers for Environmental Prediction},
  pages   = {61}}

@article{mellor1973,
  author  = {G. L. Mellor},
  title   = {Analytic prediction of the properties of stratified planetary surface layers},
  journal = jas,
  year    = {1973},
  volume  = {30},
  pages   = {1061--1069}}

@article{mellor1974,
  author  = {G. L. Mellor and T. Yamada},
  title   = {A hierarchy of turbulence closure models for planetary boundary layers},
  journal = jas,
  year    = {1974},
  volume  = {31},
  pages   = {1791--1806}}

@article{mellor1982,
  author  = {G. L. Mellor and T. Yamada},
  title   = {Development of a turbulence closure model for geophysical fluid problem},
  journal = {Rev.\ Geophys.\ Space Phys.},
  year    = {1982},
  volume  = {20},
  pages   = {851--875}}

@article{nakanishi2001,
  author  = {M. Nakanishi},
  title   = {Improvement of the {M}ellor-{Y}amada turbulence closure model based
             on {L}arge-{E}ddy {S}imulation data},
  journal = blm,
  year    = {2001},
  volume  = {99},
  pages   = {349--978}}

@article{nakanishi2004,
  author  = {M. Nakanishi and H. Niino},
  title   = {An improved {M}ellor-{Y}amada level-3 model with condensation physics},
  journal = blm,
  year    = {2004},
  volume  = {112},
  pages   = {1--31}}

@article{nakanishi2006,
  author  = {M. Nakanishi and H. Niino},
  title   = {An improved {M}ellor-{Y}amada level-3 model: {I}ts numerical stability
             and application to a regional prediction of advection fog},
  journal = blm,
  year    = {2006},
  volume  = {119},
  pages   = {397--407}}

@article{nakanishi2009,
  author  = {M. Nakanishi and H. Niino},
  title   = {Development of an improved turbulence closure model for the atmospheric
             boundary layer},
  journal = jmsj,
  year    = {2009},
  volume  = {87},
  pages   = {895--912}}

@article{thuburnetal2018,
  author  = {J. Thuburn and H. Weller and G. K. Vallis and R. J. Beare
             and M. Whitall},
  title   = {A framework for convection and boundary layer parameterization derived
             from conditional filtering},
  journal = jas,
  year    = {2018},
  volume  = {75},
  pages   = {965--981}}
  
  @article{brownetal2002,
  author = {Brown, A. R. and Cederwall, R. T. and Chlond, A. and Duynkerke, P. G. and 
  Golaz, J.-C. and Khairoutdinov, M. and Lewellen, D. C. and Lock, A. P. and MacVean, M. K. 
  and Moeng, C.-H. and Neggers, R. A. J. and Siebesma, A. P. and Stevens, B.},
  title = {Large-eddy simulation of the diurnal cycle of shallow cumulus convection over land},
  journal = qjrms,
  year    = {2002},
  volume  = {128},
  pages   = {1075--1093}}
  
  @article{Grabowskietal2006,
  author = {Grabowski, W. W. and Co-authors},
  title = {Daytime convective development over land: A model intercomparison based on LBA observations},
  year = {2006},
  journal = qjrms,
  volume = {132},
  number = {615},
  pages = {317--344}}

@article{efstathiou2015,
  author  = {G.A. Efstathiou and R.J. Beare},
  title   = {Quantifying and improving sub‐grid diffusion in the boundary‐layer grey zone},
  journal = qjrms,
  year    = {2015},
  volume  = {141},
  pages   = {3006-3017}}

@article{efstathiou2016,
  author  = {G.A. Efstathiou and R.J. Beare and S.Osborne and A.P. Lock},
  title   = {Grey zone simulations of the morning convective boundary layer development},
  journal = jgra,
  year    = {2016},
  volume  = {121},
  pages   = {4769-4782}}

@article{efstathiou2018,
  author  = {G. A. Efstathiou and R. S. Plant and M. M. Bopape},
  title   = {Simulation of an evolving convective boundary layer using a
             scale-dependent dynamic {S}magorinsky model at near-gray-zone
             resolutions},
  journal = {J. Appl. Meteor. Climatol.},
  year    = {2018},
  volume  = {57},
  pages   = {2197-2214}}
 
@article{efstathiou2019a,
  author  = {G.A. Efstathiou and R.S. Plant},
  title   = {A dynamic extension of the pragmatic blending scheme for 
             scale‐dependent sub‐grid mixing},
  journal = qjrms,
  year    = {2019},
  volume  = {145},
  pages   = {884-892}}

@article{holdaway2013,
  author = {D. Holdaway and J. Thuburn and N. Wood},
  title  = {Comparison of {L}orenz and {C}harney-{P}hillips vertical discretisations for
            dynamics-boundary layer coupling. Part {I}: Steady states},
  journal = qjrms,
  year    = {2013},
  volume  = {139},
  pages   = {1073-1086}}

@article{thuburn2015,
  author  = {J. Thuburn and C, J. Cotter},
  title   = {A primal-dual mimetic finite element scheme for the rotating
             shallow water equations on polygonal spherical meshes},
  journal = jcp,
  year    = {2015},
  doi     = {10.1016/j.jcp.2015.02.045}}

@article{thuburn2014,
  author  = {J. Thuburn and J. Kent and N. Wood},
  title   = {Cascades, backscatter and conservation in numerical models of
             two-dimensional turbulence},
  journal = qjrms,
  year    = {2014},
  volume  = {140},
  pages   = {626-638}}

@article{thuburn2019,
  author  = {J. Thuburn and G. A. Efstathiou and R. J. and Beare},
  title   = {A two-fluid single column model of the dry, shear-free, convective
             boundary layer},
  journal = qjrms,
  year    = {2019},
  volume  = {145},
  pages   = {1535-1550}}

@article{thuburnvallis2018,
  author  = {J. Thuburn and G. K. Vallis},
  title   = {Properties of the conditionally filtered equations: {C}onservation,
             normal modes, and variational formulation},
  journal = qjrms,
  year    = {2018},
  volume  = {144},
  pages   = {To appear}}

@article{wood2014,
  author  = {N. Wood and A. Staniforth and A. White and T. Allen and M. Diamantakis and M. Gross
             and T. Melvin and  C. Smith and S. Vosper and M. Zerroukat and J. Thuburn},
  title   = {An inherently mass-conserving semi-implicit semi-{L}agrangian discretisation
             of the deep-atmosphere global nonhydrostatic equations},
  journal = qjrms,
  year    = {2014},
  volume  = {140},
  pages   = {1505-1520},
  doi     = {10.1002/qj.2235}}
